@article{dijkstra,
    author =       "Edsger Wybe Dijkstra",
    year =         "1959",
    month =        "December",
    title =        "A Note on Two Problems in Connexion with Graph",
    journal =      "Numerische Mathematlk",
    volume =       "1",
    number =       "1",
    pages =        "269--271",
    DOI =          "https://doi.org/10.1007/BF01386390",
    OPTnote =      "http://www-m3.ma.tum.de/foswiki/pub/MN0506/WebHome/dijkstra.pdf"
}

@inproceedings{fleischer-dcsc,
    author      = "Lisa K. Fleischer and Bruce Hendrickson and Ali Pinar",
    year        = "2000",
    month       = "May",
    title       = "On Identifying Strongly Connected Components in Parallel",
    editor      = "Jos√© Rolim",
    booktitle   = "Parallel and distributed processing: 15 IPDPS 2000 workshops",
    pages       = "505--511",
    series      = "Lecture Notes in Computer Science",
    volume      = "1800",
    address     = "Cancun, Mexico",
    publisher   = "Springer",
    isbn        = "3-540-67442-X",
    issn        = "0302-9743",
    OPTnote     = "https://www.researchgate.net/publication/2606495_On_Identifying_Strongly_Connected_Components_in_Parallel"
}

@techreport{rfc1738,
    author      = "Tim Berners-Lee and Larry Masinter and M. McCahill",
    year        = "1994",
    month       = "December",
    title       = "{Uniform Resource Locators (URL)}",
    number      = "RFC1738",
    address     = "Reston, VA",
    institution = "Internet Society",
    OPTnote     = "https://www.rfc-editor.org/rfc/rfc1738.txt"
}

@incollection{encyc-alg-christofides,
    author      = "Joseph S. B. Mitchell",
    year        = "2016",
    title       = "Approximation Schemes for Geometric Network Optimization Problems",
    editor      = "Ming-Yang Kao",
    booktitle   = "Encyclopedia of Algorithms",
    edition     = "2",
    pages       = "126--130",
    address     = "New York",
    publisher   = "Springer",
    type        = "Encyclopedia entry",
    OPTnote     = ""
}

@book{optimal-vrp,
    author      = "Paolo Toth and Daniele Vigo",
    year        = "2001",
    title       = "The Vehicle Routing Problem",
    edition     = "3rd",
    series      =  {Monographs on Discrete Mathematics and Applications},
    address     = "Philadelphia, PA",
    publisher   = "Society for Industrial and Applied Mathematics",
    ISBN        = "",
    OPTnote     = ""
}
